@inproceedings{gulwani2016programming,
  title={Programming by examples: Applications, algorithms, and ambiguity resolution},
  author={Gulwani, Sumit},
  booktitle={International Joint Conference on Automated Reasoning},
  pages={9--14},
  year={2016},
  organization={Springer}
}

@inproceedings{gulwani2011automating,
  title={Automating string processing in spreadsheets using input-output examples},
  author={Gulwani, Sumit},
  booktitle={ACM SIGPLAN Notices},
  volume={46},
  number={1},
  pages={317--330},
  year={2011},
  organization={ACM}
}

@article{mitchell1982generalization,
  title={Generalization as search},
  author={Mitchell, Tom M},
  journal={Artificial intelligence},
  volume={18},
  number={2},
  pages={203--226},
  year={1982},
  publisher={Elsevier}
}

@inproceedings{hirsh1991theoretical,
  title={Theoretical Underpinnings of Version Spaces.},
  author={Hirsh, Haym}
}

@inproceedings{lau2000version,
  title={Version Space Algebra and its Application to Programming by Demonstration.},
  author={Lau, Tessa A and Domingos, Pedro M and Weld, Daniel S},
  booktitle={ICML},
  pages={527--534},
  year={2000}
}

@inproceedings{kitzelmann2009inductive,
  title={Inductive programming: A survey of program synthesis techniques},
  author={Kitzelmann, Emanuel},
  booktitle={International workshop on approaches and applications of inductive programming},
  pages={50--73},
  year={2009},
  organization={Springer}
}

@inproceedings{comparetti2009prospex,
  title={Prospex: Protocol specification extraction},
  author={Comparetti, Paolo Milani and Wondracek, Gilbert and Kruegel, Christopher and Kirda, Engin},
  booktitle={Security and Privacy, 2009 30th IEEE Symposium on},
  pages={110--125},
  year={2009},
  organization={IEEE}
}

@inproceedings{doupe2010johnny,
  title={Why Johnny canâ€™t pentest: An analysis of black-box web vulnerability scanners},
  author={Doup{\'e}, Adam and Cova, Marco and Vigna, Giovanni},
  booktitle={International Conference on Detection of Intrusions and Malware, and Vulnerability Assessment},
  pages={111--131},
  year={2010},
  organization={Springer}
}

@inproceedings{doupe2012enemy,
  title={Enemy of the state: A state-aware black-box web vulnerability scanner},
  author={Doup{\'e}, Adam and Cavedon, Ludovico and Kruegel, Christopher and Vigna, Giovanni},
  booktitle={Presented as part of the 21st $\{$USENIX$\}$ Security Symposium ($\{$USENIX$\}$ Security 12)},
  pages={523--538},
  year={2012}
}

@article{shoshitaishvili2016state,
  title={SoK: (State of) The Art of War: Offensive Techniques in Binary Analysis},
  author={Shoshitaishvili, Yan and Wang, Ruoyu and Salls, Christopher and Stephens, Nick and Polino, Mario and Dutcher, Audrey and Grosen, John and Feng, Siji and Hauser, Christophe and Kruegel, Christopher and Vigna, Giovanni},
  booktitle={IEEE Symposium on Security and Privacy},
  year={2016}
}

@inproceedings{stephens2016driller,
  title={Driller: Augmenting Fuzzing Through Selective Symbolic Execution.},
  author={Stephens, Nick and Grosen, John and Salls, Christopher and Dutcher, Andrew and Wang, Ruoyu and Corbetta, Jacopo and Shoshitaishvili, Yan and Kruegel, Christopher and Vigna, Giovanni},
  booktitle={NDSS},
  volume={16},
  pages={1--16},
  year={2016}
}

@article{shoshitaishvili2015firmalice,
  title={Firmalice - Automatic Detection of Authentication Bypass Vulnerabilities in Binary Firmware},
  author={Shoshitaishvili, Yan and Wang, Ruoyu and Hauser, Christophe and Kruegel, Christopher and Vigna, Giovanni},
  booktitle={NDSS},
  year={2015}
}

@article{shellphish2017cyber,
  title={Cyber Grand Shellphish},
  author={Shellphish, Team},
  journal={Phrack Papers},
  year={2017}
}

@article{barth2011rfc,
  title={Rfc 6265-http state management mechanism},
  author={Barth, Adam},
  journal={Internet Engineering Task Force (IETF)},
  pages={2070--1721},
  year={2011}
}

@book{mitnick2011art,
  title={The art of deception: Controlling the human element of security},
  author={Mitnick, Kevin D and Simon, William L},
  year={2011},
  publisher={John Wiley \& Sons}
}
